
@misc{MajesticMillion,
  author = {Majestic.com},
  title = {The Majestic Million Report},
  year = {2019},
  howpublished = {\url{https://majestic.com/reports/majestic-million}},
}
